<marc:collection xmlns:marc="http://www.loc.gov/MARC21/slim" xmlns:xsi="http://www.w3.org/2001/XMLSchema-instance" xsi:schemaLocation="http://www.loc.gov/MARC21/slim http://www.loc.gov/standards/marcxml/schema/MARC21slim.xsd">
    <marc:record type="Bibliographic">
        <marc:leader>01588cem a2200397 a 4500</marc:leader>
        <marc:controlfield tag="001">6364435</marc:controlfield>
        <marc:controlfield tag="005">20110214084158.0</marc:controlfield>
        <marc:controlfield tag="007">aj aanzn</marc:controlfield>
        <marc:controlfield tag="008">050526s1807    fr d      a     0   fre d</marc:controlfield>
        <marc:datafield tag="035" ind1=" " ind2=" ">
            <marc:subfield code="a">(OCoLC)ocm60495651</marc:subfield>
        </marc:datafield>
        <marc:datafield tag="040" ind1=" " ind2=" ">
            <marc:subfield code="a">CGU</marc:subfield>
            <marc:subfield code="b">eng</marc:subfield>
            <marc:subfield code="c">CGU</marc:subfield>
            <marc:subfield code="d">OCL</marc:subfield>
            <marc:subfield code="d">OCLCQ</marc:subfield>
            <marc:subfield code="d">NjP</marc:subfield>
        </marc:datafield>
        <marc:datafield tag="034" ind1="1" ind2=" ">
            <marc:subfield code="a">a</marc:subfield>
            <marc:subfield code="b">2000000</marc:subfield>
        </marc:datafield>
        <marc:datafield tag="035" ind1=" " ind2=" ">
            <marc:subfield code="a">(OCoLC)60495651</marc:subfield>
        </marc:datafield>
        <marc:datafield tag="043" ind1=" " ind2=" ">
            <marc:subfield code="a">n-us---</marc:subfield>
            <marc:subfield code="a">n-cn---</marc:subfield>
        </marc:datafield>
        <marc:datafield tag="052" ind1=" " ind2=" ">
            <marc:subfield code="a">3701</marc:subfield>
        </marc:datafield>
        <marc:datafield tag="052" ind1=" " ind2=" ">
            <marc:subfield code="a">3401</marc:subfield>
        </marc:datafield>
        <marc:datafield tag="072" ind1=" " ind2="7">
            <marc:subfield code="a">S3</marc:subfield>
            <marc:subfield code="2">lcg</marc:subfield>
        </marc:datafield>
        <marc:datafield tag="072" ind1=" " ind2="7">
            <marc:subfield code="a">S32</marc:subfield>
            <marc:subfield code="2">lcg</marc:subfield>
        </marc:datafield>
        <marc:datafield tag="090" ind1=" " ind2=" ">
            <marc:subfield code="a">G3701.S3 1807</marc:subfield>
            <marc:subfield code="b">.B8</marc:subfield>
        </marc:datafield>
        <marc:datafield tag="100" ind1="1" ind2=" ">
            <marc:subfield code="a">Buache, Jean-Nicolas,</marc:subfield>
            <marc:subfield code="d">1741-1825.</marc:subfield>
        </marc:datafield>
        <marc:datafield tag="245" ind1="1" ind2="0">
            <marc:subfield code="a">Théâtre des opérations de l'armée du nord, et désert que le Général Arnold traversa en marchant contre Québec</marc:subfield>
            <marc:subfield code="h">[map].</marc:subfield>
        </marc:datafield>
        <marc:datafield tag="255" ind1=" " ind2=" ">
            <marc:subfield code="a">Scale [ca. 1:2,000,000].</marc:subfield>
        </marc:datafield>
        <marc:datafield tag="260" ind1=" " ind2=" ">
            <marc:subfield code="a">[Paris :</marc:subfield>
            <marc:subfield code="b">Dentu,</marc:subfield>
            <marc:subfield code="c">1807]</marc:subfield>
        </marc:datafield>
        <marc:datafield tag="300" ind1=" " ind2=" ">
            <marc:subfield code="a">1 map ;</marc:subfield>
            <marc:subfield code="c">26 x 21 cm.</marc:subfield>
        </marc:datafield>
        <marc:datafield tag="500" ind1=" " ind2=" ">
            <marc:subfield code="a">Relief shown by hachures.</marc:subfield>
        </marc:datafield>
        <marc:datafield tag="500" ind1=" " ind2=" ">
            <marc:subfield code="a">Taken from atlas accompanying the French translation of The life of Washington by John Marshall; maps by Jean-Nicolas Buache. cf. Tooley's dictionary of mapmakers, vol. 1.</marc:subfield>
        </marc:datafield>
        <marc:datafield tag="600" ind1="1" ind2="0">
            <marc:subfield code="a">Arnold, Benedict,</marc:subfield>
            <marc:subfield code="d">1741-1801</marc:subfield>
            <marc:subfield code="x">Military leadership</marc:subfield>
            <marc:subfield code="v">Maps.</marc:subfield>
        </marc:datafield>
        <marc:datafield tag="651" ind1=" " ind2="0">
            <marc:subfield code="a">United States</marc:subfield>
            <marc:subfield code="x">History</marc:subfield>
            <marc:subfield code="y">Revolution, 1775-1783</marc:subfield>
            <marc:subfield code="v">Maps.</marc:subfield>
        </marc:datafield>
        <marc:datafield tag="651" ind1=" " ind2="0">
            <marc:subfield code="a">New England</marc:subfield>
            <marc:subfield code="x">History</marc:subfield>
            <marc:subfield code="y">Revolution, 1775-1883</marc:subfield>
            <marc:subfield code="v">Maps.</marc:subfield>
        </marc:datafield>
        <marc:datafield tag="651" ind1=" " ind2="0">
            <marc:subfield code="a">Canada</marc:subfield>
            <marc:subfield code="x">History</marc:subfield>
            <marc:subfield code="y">1775-1783</marc:subfield>
            <marc:subfield code="v">Maps.</marc:subfield>
        </marc:datafield>
        <marc:datafield tag="655" ind1=" " ind2="7">
            <marc:subfield code="a">Historical maps</marc:subfield>
            <marc:subfield code="z">New England.</marc:subfield>
            <marc:subfield code="2">aat</marc:subfield>
        </marc:datafield>
        <marc:datafield tag="655" ind1=" " ind2="7">
            <marc:subfield code="a">Historical maps</marc:subfield>
            <marc:subfield code="z">Canada.</marc:subfield>
            <marc:subfield code="2">aat</marc:subfield>
        </marc:datafield>
        <marc:datafield tag="700" ind1="1" ind2=" ">
            <marc:subfield code="a">Marshall, John,</marc:subfield>
            <marc:subfield code="d">1755-1835.</marc:subfield>
            <marc:subfield code="t">Life of George Washington.</marc:subfield>
            <marc:subfield code="l">French.</marc:subfield>
        </marc:datafield>
        <marc:datafield tag="856" ind1="4" ind2="1">
            <marc:subfield code="z">See the map</marc:subfield>
            <marc:subfield code="u">http://gisserver.princeton.edu/map/25887</marc:subfield>
        </marc:datafield>
        <marc:datafield tag="904" ind1=" " ind2=" ">
            <marc:subfield code="a">gls</marc:subfield>
            <marc:subfield code="b">g</marc:subfield>
            <marc:subfield code="h">m</marc:subfield>
            <marc:subfield code="c">p</marc:subfield>
            <marc:subfield code="e">20101221</marc:subfield>
        </marc:datafield>
        <marc:datafield tag="902" ind1=" " ind2=" ">
            <marc:subfield code="a">gls</marc:subfield>
            <marc:subfield code="b">m</marc:subfield>
            <marc:subfield code="6">e</marc:subfield>
            <marc:subfield code="7">m</marc:subfield>
            <marc:subfield code="d">v</marc:subfield>
            <marc:subfield code="f">1</marc:subfield>
            <marc:subfield code="e">20101222</marc:subfield>
        </marc:datafield>
    </marc:record>
    <marc:record type="Holdings">
        <marc:leader>00172nx  a22000851  4500</marc:leader>
        <marc:controlfield tag="001">6354135</marc:controlfield>
        <marc:controlfield tag="004">6364435</marc:controlfield>
        <marc:controlfield tag="005">20101221142637.0</marc:controlfield>
        <marc:controlfield tag="008">1012214u    8   1001uu   0901128</marc:controlfield>
        <marc:datafield tag="852" ind1="0" ind2=" ">
            <marc:subfield code="b">map</marc:subfield>
            <marc:subfield code="h">HMC01.6642</marc:subfield>
        </marc:datafield>
    </marc:record>
    <marc:record type="Holdings">
        <marc:leader>00182nx  a22000854  4500</marc:leader>
        <marc:controlfield tag="001">7317231</marc:controlfield>
        <marc:controlfield tag="004">6364435</marc:controlfield>
        <marc:controlfield tag="005">20130513163859.0</marc:controlfield>
        <marc:controlfield tag="008">1305134u    8   1001uu   0901128</marc:controlfield>
        <marc:datafield tag="852" ind1="8" ind2=" ">
            <marc:subfield code="b">elf1</marc:subfield>
            <marc:subfield code="h">Electronic Resource</marc:subfield>
        </marc:datafield>
    </marc:record>
</marc:collection>
